%%%% BIBLIOGRAPHY %%%%%%%%%%%%%%%%%%%%%%%%%%%%%%%%%%%%%%%%%%%%%%%%%%%%%%%%%%%%%%%%%%%%%%%%%%%%%%%%%

@article{Shannon1948,
	title="A mathematical theory of communication",
	author="Claude Elwood {Shannon}",
	journal="Bell System Technical Journal",
	volume="27",
	number="3",
	pages="379--423",
	year="1948",
	url={https://onlinelibrary.wiley.com/doi/abs/10.1002/j.1538-7305.1948.tb01338.x}
}

@misc{GPy_ABCD,
    title = {GPy-ABCD},
    author = {Thomas Fletcher},
    url = {https://github.com/T-Flet/GPy-ABCD},
    year = 2020
}

@misc{GSM,
    title = {Graph-State-Machine},
    author = {Thomas Fletcher},
    url = {https://github.com/T-Flet/Graph-State-Machine},
    year = 2020
}
